@misc{yao2018graph,
    title={Graph Convolutional Networks for Text Classification},
    author={Liang Yao and Chengsheng Mao and Yuan Luo},
    year={2018},
    eprint={1809.05679},
    archivePrefix={arXiv},
    primaryClass={cs.CL}
}

@misc{battaglia2018relational,
    title={Relational inductive biases, deep learning, and graph networks},
    author={Peter W. Battaglia and Jessica B. Hamrick and Victor Bapst and Alvaro Sanchez-Gonzalez and Vinicius Zambaldi and Mateusz Malinowski and Andrea Tacchetti and David Raposo and Adam Santoro and Ryan Faulkner and Caglar Gulcehre and Francis Song and Andrew Ballard and Justin Gilmer and George Dahl and Ashish Vaswani and Kelsey Allen and Charles Nash and Victoria Langston and Chris Dyer and Nicolas Heess and Daan Wierstra and Pushmeet Kohli and Matt Botvinick and Oriol Vinyals and Yujia Li and Razvan Pascanu},
    year={2018},
    eprint={1806.01261},
    archivePrefix={arXiv},
    primaryClass={cs.LG}
}

@misc{kipf2016semisupervised,
    title={Semi-Supervised Classification with Graph Convolutional Networks},
    author={Thomas N. Kipf and Max Welling},
    year={2016},
    eprint={1609.02907},
    archivePrefix={arXiv},
    primaryClass={cs.LG}
}

@unpublished{DoblesCS229,
  title = {Machine Learning Methods for Climbing Route Classification},
  author = {Alejandro Dobles and Juan Carlos Sarmiento and Peter Satterthwaite},
  note = {Web link: http://cs229.stanford.edu/proj2017/final-reports/5232206.pdf}
}

@misc{mirza2014conditional,
    title={Conditional Generative Adversarial Nets},
    author={Mehdi Mirza and Simon Osindero},
    year={2014},
    eprint={1411.1784},
    archivePrefix={arXiv},
    primaryClass={cs.LG}
}

@misc{scarff2020estimation,
    title={Estimation of Climbing Route Difficulty using Whole-History Rating},
    author={Dean Scarff},
    year={2020},
    eprint={2001.05388},
    archivePrefix={arXiv},
    primaryClass={stat.AP}
}

@inproceedings{RemiCoulomWHR,
author = {Coulom, RÃ©mi},
year = {2008},
month = {09},
pages = {},
title = {Whole-History Rating: A Bayesian Rating System for Players of Time-Varying Strength},
volume = {5131},
doi = {10.1007/978-3-540-87608-3_11}
}

@misc{cer2018universal,
    title={Universal Sentence Encoder},
    author={Daniel Cer and Yinfei Yang and Sheng-yi Kong and Nan Hua and Nicole Limtiaco and Rhomni St. John and Noah Constant and Mario Guajardo-Cespedes and Steve Yuan and Chris Tar and Yun-Hsuan Sung and Brian Strope and Ray Kurzweil},
    year={2018},
    eprint={1803.11175},
    archivePrefix={arXiv},
    primaryClass={cs.CL}
}

@article{Phillips_2012,
   title={strange beta: An assistance system for indoor rock climbing route setting},
   volume={22},
   ISSN={1089-7682},
   url={http://dx.doi.org/10.1063/1.3693047},
   DOI={10.1063/1.3693047},
   number={1},
   journal={Chaos: An Interdisciplinary Journal of Nonlinear Science},
   publisher={AIP Publishing},
   author={Phillips, C. and Becker, L. and Bradley, E.},
   year={2012},
   month={Mar},
   pages={013130}
}
